@article{AIDyachenko2001,
  title={On the dynamics of an ideal fluid with a free surface},
  author={Dyachenko, AI},
  journal={DOKLADY MATHEMATICS C/C OF DOKLADY-AKADEMIIA NAUK},
  volume={63},
  number={1},
  pages={115--117},
  year={2001},
  organization={MAIK NAUKA}
}
